<collection xmlns="http://www.loc.gov/MARC21/slim">
<record>
  <leader>01030nam0a22002411i 450 </leader>
  <controlfield tag="001">IT\ICCU\CNCE\056031</controlfield>
  <controlfield tag="005">20040304000000.0</controlfield>
  <datafield tag="100" ind1=" " ind2=" ">
    <subfield code="a">20040304d1518        0itac0103    ba</subfield>
  </datafield>
  <datafield tag="101" ind1=" " ind2=" ">
    <subfield code="a">ITA</subfield>
  </datafield>
  <datafield tag="102" ind1=" " ind2=" ">
    <subfield code="a">IT</subfield>
  </datafield>
  <datafield tag="200" ind1="1" ind2=" ">
    <subfield code="a">Mansion de le lettere</subfield>
  </datafield>
  <datafield tag="210" ind1=" " ind2=" ">
    <subfield code="e">Milano</subfield>
    <subfield code="g">per Io. Iac. de Rixi</subfield>
    <subfield code="g">ad instantia de messer Ioan Iacobi et fratelli de Legnani</subfield>
    <subfield code="h">1518 8 Marzo</subfield>
  </datafield>
  <datafield tag="215" ind1=" " ind2=" ">
    <subfield code="a">4ʻ</subfield>
  </datafield>
  <datafield tag="620" ind1=" " ind2=" ">
    <subfield code="a">IT</subfield>
    <subfield code="d">Milano</subfield>
  </datafield>
  <datafield tag="700" ind1=" " ind2="1">
    <subfield code="a">Dati,</subfield>
    <subfield code="b">Giuliano</subfield>
    <subfield code="3">IT\ICCU\CNCA\004625</subfield>
  </datafield>
  <datafield tag="712" ind1="0" ind2="0">
    <subfield code="a">Risi, Giovanni Giacomo</subfield>
    <subfield code="3">IT\ICCU\CNCT\001136</subfield>
    <subfield code="4">650</subfield>
  </datafield>
  <datafield tag="712" ind1="0" ind2="0">
    <subfield code="a">Da_Legnano, Giovanni Giacomo &amp; fratelli</subfield>
    <subfield code="3">IT\ICCU\CNCT\001554</subfield>
    <subfield code="4">650</subfield>
  </datafield>
  <datafield tag="791" ind1="0" ind2="0">
    <subfield code="a">Rixis, Iacobus de</subfield>
    <subfield code="3">IT\ICCU\CNCT\002562</subfield>
    <subfield code="z">Risi, Giovanni Giacomo</subfield>
  </datafield>
  <datafield tag="791" ind1="0" ind2="0">
    <subfield code="a">Rizzi, Giovanni Giacomo</subfield>
    <subfield code="3">IT\ICCU\CNCT\002563</subfield>
    <subfield code="z">Risi, Giovanni Giacomo</subfield>
  </datafield>
  <datafield tag="791" ind1="0" ind2="0">
    <subfield code="a">Ricci, Giovanni Giacomo</subfield>
    <subfield code="3">IT\ICCU\CNCT\004070</subfield>
    <subfield code="z">Risi, Giovanni Giacomo</subfield>
  </datafield>
  <datafield tag="791" ind1="0" ind2="0">
    <subfield code="a">Rixi, Ioan. Iacobo</subfield>
    <subfield code="3">IT\ICCU\CNCT\005380</subfield>
    <subfield code="z">Risi, Giovanni Giacomo</subfield>
  </datafield>
  <datafield tag="791" ind1="0" ind2="0">
    <subfield code="a">Risius, Joannes Jacobus</subfield>
    <subfield code="3">IT\ICCU\CNCT\005381</subfield>
    <subfield code="z">Risi, Giovanni Giacomo</subfield>
  </datafield>
  <datafield tag="801" ind1=" " ind2="3">
    <subfield code="a">IT</subfield>
    <subfield code="b">ICCU</subfield>
    <subfield code="c">20201115</subfield>
  </datafield>
</record>
</collection>
